@article{Godhantaraman199919Microzooplankton,
    title = {{19 . Ecological Significance of Marine Microzooplankton}},
    year = {1999},
    author = {Godhantaraman, N},
    pages = {181--188}
}

@article{Evans1985ACycles,
    title = {{A model of annual plankton cycles}},
    year = {1985},
    journal = {Biological Oceanography},
    author = {Evans, Geoffrey T and Parslow, John S},
    pages = {327--344},
    volume = {3},
    url = {ftp://oceane.obs-vlfr.fr/pub/romagnan/biblio/general{\_}ecology{\_}big{\_}articles/evans {\&} parslow, 1985, a model of annual plankton cycles.pdf}
}

@article{Krishnamoorthy2004AMeans,
    title = {{A more powerful test for comparing two Poisson means}},
    year = {2004},
    journal = {Journal of Statistical Planning and Inference},
    author = {Krishnamoorthy, K. and Thomson, Jessica},
    pages = {23--35},
    volume = {119},
    isbn = {1337482528},
    doi = {10.1016/S0378-3758(02)00408-1},
    issn = {03783758},
    keywords = {Binomial distribution, Exact power, Exact size, Parametric bootstrap, Poisson distribution, Sample size calculation, Standardized difference}
}

@article{Landry1995APacific,
    title = {{A refined dilution technique for measuring the community grazing impact of microzooplankton, with experimental tests in the central equatorial Pacific}},
    year = {1995},
    journal = {Marine Ecology Progress Series},
    author = {Landry, Mr and Kirshtein, J and Constantinou, J},
    pages = {53--63},
    volume = {120},
    url = {http://www.int-res.com/abstracts/meps/v120/p53-63/},
    doi = {10.3354/meps120053},
    issn = {0171-8630},
    keywords = {dilution - synechococcus spp, equatorial pacific, flb, flow-cytometry, microzooplankton grazing, prochlorococcus spp}
}

@article{Olson2007AFlowCytobot,
    title = {{A submersible imaging-in-flow instrument to analyze nano- and microplankton : Imaging FlowCytobot}},
    year = {2007},
    journal = {Oceanography: Methods},
    author = {Olson, Robert J and Sosik, Heidi M},
    pages = {195--203}
}

@article{Atkins1999AApproaches.,
    title = {{A survey of flagellate diversity at four deep-sea hydrothermal vents in the Eastern Pacific Ocean using structural and molecular approaches.}},
    year = {1999},
    journal = {The Journal of eukaryotic microbiology},
    author = {Atkins, M S and Teske, a P and Anderson, O R},
    number = {4},
    pages = {400--11},
    volume = {47},
    url = {http://www.ncbi.nlm.nih.gov/pubmed/11140455},
    issn = {1066-5234},
    pmid = {11140455},
    keywords = {Animals, Culture Media, DNA, Ribosomal, DNA, Ribosomal: analysis, Ecosystem, Eukaryota, Eukaryota: classification, Eukaryota: genetics, Eukaryota: growth {\&} development, Eukaryota: isolation {\&} purification, Eukaryota: ultrastructure, Genes, rRNA, Genes, rRNA: genetics, Genetic Variation, Microscopy, Electron, Molecular Sequence Data, Polymerase Chain Reaction, RNA, Ribosomal, 18S, RNA, Ribosomal, 18S: genetics, Seawater, Seawater: parasitology, Sequence Analysis, DNA, Temperature}
}

@article{Behrenfeld2010AbandoningBlooms,
    title = {{Abandoning Sverdrup's Critical Depth Hypothesis on phytoplankton blooms}},
    year = {2010},
    journal = {Ecology},
    author = {Behrenfeld, M J},
    pages = {977--989},
    volume = {91},
    url = {http://www.ncbi.nlm.nih.gov/pubmed/20462113},
    address = {Department of Botany and Plant Pathology, Cordley Hall 2082, Oregon State},
    issn = {0012-9658 (Print)0012-9658 (Linking)},
    keywords = {Atlantic Ocean Chlorophyll Environmental Monitorin}
}

@article{Behrenfeld2010AbandoningBlooms.,
    title = {{Abandoning Sverdrup's Critical Depth Hypothesis on phytoplankton blooms.}},
    year = {2010},
    journal = {Ecology},
    author = {Behrenfeld, Michael J},
    number = {4},
    month = {4},
    pages = {977--89},
    volume = {91},
    url = {http://www.ncbi.nlm.nih.gov/pubmed/20462113},
    issn = {0012-9658},
    pmid = {20462113},
    keywords = {Atlantic Ocean, Chlorophyll, Environmental Monitoring, Environmental Monitoring: methods, Models, Biological, Phytoplankton, Phytoplankton: physiology, Population Dynamics, Seasons, Spacecraft, Time Factors}
}

@article{Stoecker1989AbundanceWaters,
    title = {{Abundance of autotrophic, mixotrophic and heterotrophic planktonic ciliates in shelf and slope waters}},
    year = {1989},
    journal = {Marine Ecology Progress Series},
    author = {Stoecker, Diane K and Taniguchi, Akira and Michaels, Ann E},
    pages = {241--254},
    volume = {50},
    url = {http://www.int-res.com/articles/meps/50/m050p241.pdf}
}

@article{Stoecker1989AbundanceWatersb,
    title = {{Abundance of autotrophic, mixotrophic and heterotrophic planktonic ciliates in shelf and slope waters}},
    year = {1989},
    journal = {Marine Ecology Progress Series},
    author = {Stoecker, Diane K and Taniguchi, Akira and Michaels, Ann E},
    number = {},
    pages = {241--254},
    volume = {50}
}

@article{Carvalho2006AcidotropicProtists,
    title = {{Acidotropic probes and flow cytometry: a powerful combination for detecting phagotrophy in mixotrophic and heterotrophic protists}},
    year = {2006},
    journal = {Aquatic Microbial Ecology},
    author = {Carvalho, Wf and Gran{\'{e}}li, E},
    month = {8},
    pages = {85--96},
    volume = {44},
    url = {http://www.int-res.com/abstracts/ame/v44/n1/p85-96/},
    doi = {10.3354/ame044085},
    issn = {0948-3055},
    keywords = {acidotropic probes, flow cytometry, mixotrophy, of the publisher, permitted without written consent, phagotrophy, resale or republication not}
}

@article{Johnson2011AcquiredAdaptations.,
    title = {{Acquired phototrophy in ciliates: a review of cellular interactions and structural adaptations.}},
    year = {2011},
    journal = {The Journal of eukaryotic microbiology},
    author = {Johnson, Matthew D},
    number = {3},
    pages = {185--95},
    volume = {58},
    url = {http://www.ncbi.nlm.nih.gov/pubmed/21518077},
    doi = {10.1111/j.1550-7408.2011.00545.x},
    issn = {1550-7408},
    pmid = {21518077},
    keywords = {Ciliophora, Ciliophora: metabolism, Ciliophora: physiology, Microbial Interactions, Phagocytosis, Phototrophic Processes, Plastids, Plastids: metabolism, Symbiosis}
}

@article{Banas2011AddingPredictability,
    title = {{Adding complex trophic interactions to a size-spectral plankton model: Emergent diversity patterns and limits on predictability}},
    year = {2011},
    journal = {Ecological Modelling},
    author = {Banas, Neil S},
    number = {15},
    pages = {2663--2675},
    volume = {222},
    isbn = {0304-3800},
    doi = {10.1016/j.ecolmodel.2011.05.018},
    issn = {0304-3800}
}

@article{Olson2003AnFlowCytobot,
    title = {{An automated submersible flow cytometer for analyzing pico- and nanophytoplankton: FlowCytobot}},
    year = {2003},
    journal = {Deep Sea Research Part I: Oceanographic Research Papers},
    author = {Olson, Robert J. and Shalapyonok, Alexi and Sosik, Heidi M.},
    number = {2},
    month = {2},
    pages = {301--315},
    volume = {50},
    url = {http://linkinghub.elsevier.com/retrieve/pii/S0967063703000037},
    doi = {10.1016/S0967-0637(03)00003-7},
    issn = {09670637},
    keywords = {flow cytometry, fluorescence, mooring, phytoplankton, scattering, time series}
}

@article{Onji2000AnPhytoplankton,
    title = {{An evaluation of viable staining dyes suitable for marine phytoplankton}},
    year = {2000},
    journal = {Bulletin of the Faculty of Fisheries Hokkaido University},
    author = {Onji, Masashi and Sawabe, Tomoo and Ezura, Yoshio},
    pages = {153--157},
    volume = {51}
}

@article{Yoshida2009AnalysisTechniques,
    title = {{Analysis of Nanoplankton Community Structure Using Flow Sorting and Molecular Techniques}},
    year = {2009},
    journal = {Microbes and Environments},
    author = {Yoshida, Noriaki and Nishimura, Masahiko and Inoue, Katsuyuki and Yoshizawa, Susumu and Kamiya, Eriko and Taniguchi, Akito and Hamasaki, Koji and Kogure, Kazuhiro},
    number = {4},
    pages = {297--304},
    volume = {24},
    url = {http://joi.jlc.jst.go.jp/JST.JSTAGE/jsme2/ME09150?from=CrossRef},
    doi = {10.1264/jsme2.ME09150},
    issn = {1342-6311},
    keywords = {2, and heterotrophic nanoplankton, anp, are divided into two, autotrophic nano-, autotrophic nanoplankton, community structure, cross-flow filtration, flow sorting, groups, heterotrophic nanoplankton, hnp, nanoplankton consists of organisms, plankton, ranging in size from, to 20 Âµm and}
}

@misc{Sosik2015AnnotatedMethods,
    title = {{Annotated plankton images- data set for developing and evaluating classification methods}},
    year = {2015},
    author = {Sosik, Heidi M. and Peacock, Emily E. and Brownlee, Emily F.}
}

@article{Sosik2007AutomatedCytometry,
    title = {{Automated taxonomic classification of phytoplankton sampled with imaging-in-flow cytometry}},
    year = {2007},
    journal = {Oceanography: Methods},
    author = {Sosik, Heidi M and Olson, Robert J},
    pages = {204--216}
}

@article{Bernard1990BacteriaMicrozooplankton,
    title = {{Bacteria or microflagellates as a major food source for marine ciliates: possible implications for the microzooplankton}},
    year = {1990},
    journal = {Marine Ecology Progress Series},
    author = {Bernard, C and Rassoulzadegan, F},
    pages = {147--155},
    volume = {64},
    url = {http://www.int-res.com/articles/meps/64/m064p147.pdf},
    doi = {10.3354/meps064147},
    issn = {0171-8630}
}

@article{Bernard1990BacteriaMicrozooplanktonb,
    title = {{Bacteria or microflagellates as a major food source for marine ciliates: possible implications for the microzooplankton}},
    year = {1990},
    journal = {Marine Ecology Progress Series},
    author = {Bernard, C and Rassoulzadegan, F},
    pages = {147--155},
    volume = {64},
    url = {http://www.int-res.com/articles/meps/64/m064p147.pdf},
    doi = {10.3354/meps064147},
    issn = {0171-8630}
}

@article{Sherr1989BacterivorySea,
    title = {{Bacterivory by pelagic choreotrichous ciliates in coastal waters of the NW Mediterranean Sea }},
    year = {1989},
    journal = {Marine Ecology Progress Series},
    author = {Sherr, Eb and Rassoulzadegan, F and Sherr, Bf},
    pages = {235--240},
    volume = {55},
    doi = {10.3354/meps055235},
    issn = {0171-8630}
}

@article{Gonzalez1999BacterivorySystems,
    title = {{Bacterivory rate estimates and fraction of active bacterivores in natural protist assemblages from aquatic systems}},
    year = {1999},
    journal = {Applied and environmental microbiology},
    author = {Gonzalez, Jm},
    number = {4},
    month = {4},
    pages = {1463--9},
    volume = {65},
    url = {http://www.pubmedcentral.nih.gov/articlerender.fcgi?artid=91208{\&}tool=pmcentrez{\&}rendertype=abstract},
    issn = {1098-5336},
    pmid = {10103238}
}

@article{Santoferrara2010BathymetricWinter,
    title = {{Bathymetric, latitudinal and vertical distribution of protozooplankton in a cold-temperate shelf (southern Patagonian waters) during winter}},
    year = {2010},
    journal = {Journal of Plankton Research},
    author = {Santoferrara, L. F. and Gomez, M. I. and Alder, V. a.},
    number = {3},
    month = {10},
    pages = {457--468},
    volume = {33},
    url = {http://www.plankt.oxfordjournals.org/cgi/doi/10.1093/plankt/fbq128},
    doi = {10.1093/plankt/fbq128},
    issn = {0142-7873},
    keywords = {10, 1093, 14, 2010, advance access publication october, all rights reserved, available online at www, cross-shelf distribution, doi, fbq128, for permissions, journals, latitudinal gradient, org, oxfordjournals, permissions, plankt, please email, press, protozooplankton, published by oxford university, southern patagonian waters, the author 2010, winter}
}

@misc{Campbell2010,
    title = {{Campbell 2010}}
}

@article{Heywood2011CapturingTime.,
    title = {{Capturing diversity of marine heterotrophic protists: one cell at a time.}},
    year = {2011},
    journal = {The ISME journal},
    author = {Heywood, Jane L and Sieracki, Michael E and Bellows, Wendy and Poulton, Nicole J and Stepanauskas, Ramunas},
    number = {4},
    month = {4},
    pages = {674--84},
    volume = {5},
    publisher = {Nature Publishing Group},
    url = {http://www.pubmedcentral.nih.gov/articlerender.fcgi?artid=3105736{\&}tool=pmcentrez{\&}rendertype=abstract},
    doi = {10.1038/ismej.2010.155},
    issn = {1751-7370},
    pmid = {20962875},
    keywords = {Aquatic Organisms, Aquatic Organisms: classification, Aquatic Organisms: genetics, Aquatic Organisms: isolation {\&} purification, Biodiversity, Environment, Eukaryota, Eukaryota: classification, Eukaryota: genetics, Eukaryota: isolation {\&} purification, Flow Cytometry, Gene Library, Phylogeny, Polymerase Chain Reaction, RNA, Ribosomal, 18S, RNA, Ribosomal, 18S: genetics, Seawater, Sequence Analysis, DNA}
}

@article{Zollner2003CascadingComponents,
    title = {{Cascading predation effects of Daphnia and copepods on microbial food web components}},
    year = {2003},
    journal = {Freshwater Biology},
    author = {Zollner, Eckart and Santer, Barbara and Boersma, Maarten and Hoppe, Hans-Georg and Jurgens, Klaus},
    number = {12},
    month = {12},
    pages = {2174--2193},
    volume = {48},
    url = {http://doi.wiley.com/10.1046/j.1365-2426.2003.01158.x},
    doi = {10.1046/j.1365-2426.2003.01158.x},
    issn = {0046-5070},
    keywords = {bacteria, mesozooplankton, protists, trophic cascade}
}

@article{Banse1982CellPelagial,
    title = {{Cell volumes, maximal growth rates of unicellular algae and ciliates, and the role of ciliates in the marine pelagial}},
    year = {1982},
    journal = {Limnology and Oceanography},
    author = {Banse, Karl},
    number = {6},
    pages = {1059--1071},
    volume = {27},
    isbn = {0024-3590},
    doi = {10.4319/lo.1982.27.6.1059},
    issn = {00243590}
}

@article{Long2007ChemicalPhytoplankton.,
    title = {{Chemical cues induce consumer-specific defenses in a bloom-forming marine phytoplankton.}},
    year = {2007},
    journal = {Proceedings of the National Academy of Sciences of the United States of America},
    author = {Long, Jeremy D and Smalley, Gabriela W and Barsby, Todd and Anderson, Jon T and Hay, Mark E},
    number = {25},
    month = {6},
    pages = {10512--7},
    volume = {104},
    url = {http://www.pubmedcentral.nih.gov/articlerender.fcgi?artid=1965544{\&}tool=pmcentrez{\&}rendertype=abstract},
    doi = {10.1073/pnas.0611600104},
    issn = {0027-8424},
    pmid = {17563379},
    keywords = {Animals, Ciliophora, Ciliophora: chemistry, Ciliophora: physiology, Copepoda, Copepoda: chemistry, Copepoda: physiology, Ecosystem, Eutrophication, Eutrophication: physiology, Feeding Behavior, Feeding Behavior: physiology, Food Chain, Marine Biology, Phytoplankton, Phytoplankton: cytology, Phytoplankton: growth {\&} development, Phytoplankton: physiology, Predatory Behavior, Predatory Behavior: physiology}
}

@article{Strom2003ChemicalBy,
    title = {{Chemical defense in the microplankton II : Inhibition of protist feeding by}},
    year = {2003},
    author = {Strom, Suzanne and Wolfe, Gordon and Slajer, Amy and Lambert, Sarah and Clough, Jennifer},
    number = {1},
    pages = {230--237},
    volume = {48}
}

@article{Leick2007ChemokinesisOligopeptides.,
    title = {{Chemokinesis by tetrahymena in response to bacterial oligopeptides.}},
    year = {2007},
    journal = {The Journal of eukaryotic microbiology},
    author = {Leick, Vagn and Lindemose, SÃ¸ren},
    number = {3},
    pages = {271--4},
    volume = {54},
    url = {http://www.ncbi.nlm.nih.gov/pubmed/17552982},
    doi = {10.1111/j.1550-7408.2007.00264.x},
    issn = {1066-5234},
    pmid = {17552982},
    keywords = {Animals, Bacterial Proteins, Bacterial Proteins: chemistry, Chemotactic Factors, Chemotactic Factors: chemistry, Chemotactic Factors: isolation {\&} purification, Chemotaxis, Methanococcus, Methanococcus: chemistry, Molecular Weight, Oligopeptides, Oligopeptides: chemistry, Oligopeptides: isolation {\&} purification, Tetrahymena thermophila, Tetrahymena thermophila: physiology}
}

@article{Bautista-Reyes2012CiliateMexico.,
    title = {{Ciliate food vacuole content and bacterial community composition in the warm-monomictic crater Lake Alchichica, M{\'{e}}xico.}},
    year = {2012},
    journal = {FEMS microbiology ecology},
    author = {Bautista-Reyes, Fernando and Macek, Miroslav},
    number = {1},
    month = {1},
    pages = {85--97},
    volume = {79},
    url = {http://www.ncbi.nlm.nih.gov/pubmed/22066988},
    doi = {10.1111/j.1574-6941.2011.01200.x},
    issn = {1574-6941},
    pmid = {22066988},
    keywords = {Alphaproteobacteria, Alphaproteobacteria: classification, Alphaproteobacteria: growth {\&} development, Alphaproteobacteria: isolation {\&} purification, Animals, Bacteria, Bacteria: classification, Bacteria: genetics, Bacteria: growth {\&} development, Bacteria: isolation {\&} purification, Ciliophora, Ciliophora: metabolism, Gammaproteobacteria, Gammaproteobacteria: classification, Gammaproteobacteria: growth {\&} development, Gammaproteobacteria: isolation {\&} purification, Lakes, Lakes: chemistry, Lakes: microbiology, Mexico, Microbial Consortia, Phylogeny, Vacuoles, Vacuoles: metabolism, Zooplankton, Zooplankton: classification, Zooplankton: growth {\&} development}
}

@article{First2012CiliateJejuni.,
    title = {{Ciliate ingestion and digestion: flow cytometric measurements and regrowth of a digestion-resistant Campylobacter jejuni.}},
    year = {2012},
    journal = {The Journal of eukaryotic microbiology},
    author = {First, Matthew R and Park, Nina Y and Berrang, Mark E and Meinersmann, Richard J and Bernhard, Joan M and Gast, Rebecca J and Hollibaugh, James T},
    number = {1},
    pages = {12--9},
    volume = {59},
    url = {http://www.ncbi.nlm.nih.gov/pubmed/22092598},
    doi = {10.1111/j.1550-7408.2011.00589.x},
    issn = {1550-7408},
    pmid = {22092598},
    keywords = {Campylobacter jejuni, Campylobacter jejuni: growth {\&} development, Ciliophora, Ciliophora: isolation {\&} purification, Ciliophora: microbiology, Ciliophora: physiology, DNA, Bacterial, DNA, Bacterial: chemistry, DNA, Bacterial: genetics, DNA, Protozoan, DNA, Protozoan: chemistry, DNA, Protozoan: genetics, Digestion, Eating, Flow Cytometry, Fluorescent Dyes, Fluorescent Dyes: metabolism, Fresh Water, Fresh Water: parasitology, Molecular Sequence Data, Pseudomonas putida, Pseudomonas putida: growth {\&} development, Sequence Analysis, DNA, Staining and Labeling}
}

@article{Brownlee2013CiliateShelf,
    title = {{Ciliate Micrograzer Dynamics of the New England Shelf}},
    year = {2013},
    author = {Brownlee, Emily F}
}

@article{Brownlee2013CiliateProposal,
    title = {{Ciliate Micrograzer Dynamics of the New England Shelf Thesis Proposal}},
    year = {2013},
    author = {Brownlee, Emily F},
    pages = {1--21}
}

@article{Summerer2008Ciliate-SymbiontChlorophyta,
    title = {{Ciliate-Symbiont Specificity of Freshwater Endosymbiotic Chlorella (Trebouxiophyceae, Chlorophyta)}},
    year = {2008},
    journal = {Journal of Phycology},
    author = {Summerer, Monika and Sonntag, Bettina and Sommaruga, Ruben},
    number = {1},
    month = {2},
    pages = {77--84},
    volume = {44},
    url = {http://doi.wiley.com/10.1111/j.1529-8817.2007.00455.x},
    doi = {10.1111/j.1529-8817.2007.00455.x},
    issn = {00223646}
}

@article{Christaki2009CommunitySea,
    title = {{Community structure and trophic role of ciliates and heterotrophic nanoflagellates in Rhone River diluted mesoscale structures (NW Mediterranean Sea)}},
    year = {2009},
    journal = {Aquatic Microbial Ecology},
    author = {Christaki, U and Courties, C and Joux, F and Jeffrey, Wh and Neveux, J and Naudin, J},
    number = {December},
    month = {11},
    pages = {263--277},
    volume = {57},
    url = {http://www.int-res.com/abstracts/ame/v57/n3/p263-277/},
    doi = {10.3354/ame01339},
    issn = {0948-3055},
    keywords = {bacterivory, grazing, laboea strobila, mixotroph, picoeucaryotes, rhone river}
}

@article{Strom1998ComparativeDinoflagellates,
    title = {{Comparative growth rates and yelds of ciliates and heterotrophic dinoflagellates}},
    year = {1998},
    journal = {Journal of Plankton Research},
    author = {Strom, S L and Morello, T a},
    number = {3},
    pages = {571--584},
    volume = {20},
    keywords = {ciliates, dinoflagellates, feeding, heterotrophs, physiology}
}

@article{Neuer1995ComparativeDinoflagellates,
    title = {{Comparative size-specific grazing rates in field populations of ciliates and dinoflagellates}},
    year = {1995},
    journal = {Marine Ecology Progress Series},
    author = {Neuer, S. and Cowles, T. J.},
    number = {1-3},
    pages = {259--267},
    volume = {125},
    doi = {10.3354/meps125259},
    issn = {01718630},
    keywords = {dinoflagellates, grazing, phagotrophic protists - ciliates}
}

@article{Rose2004CountingCytometry,
    title = {{Counting heterotrophic nanoplanktonic protists in cultures and aquatic communities by flow cytometry}},
    year = {2004},
    journal = {Aquatic Microbial Ecology},
    author = {Rose, Julie M and Caron, David A and Sieracki, Michael E and Poulton, Nicole},
    pages = {263--277},
    volume = {34},
    url = {http://www.int-res.com/articles/ame2004/34/a034p263.pdf}
}

@article{Doherty2007Culture-independentWaters,
    title = {{Culture-independent assessment of planktonic ciliate diversity in coastal northwest Atlantic waters}},
    year = {2007},
    journal = {Aquatic Microbial Ecology},
    author = {Doherty, Mary and Costas, Barbara A and McManus, George B and Katz, Laura A},
    pages = {141--154},
    volume = {48},
    url = {http://www.int-res.com/abstracts/ame/v48/n2/p141-154/}
}

@article{Jochem1999DarkDiacetate,
    title = {{Dark survival strategies in marine phytoplankton assessed by cytometric measurement of metabolic activity with fluorescein diacetate}},
    year = {1999},
    journal = {Marine Biology},
    author = {Jochem, F J},
    pages = {721--728},
    volume = {135}
}

@article{Lefevre2010DevelopmentFungi.,
    title = {{Development of a Real-Time PCR assay for quantitative assessment of uncultured freshwater zoosporic fungi.}},
    year = {2010},
    journal = {Journal of microbiological methods},
    author = {Lef{\`{e}}vre, Emilie and Jobard, MarlÃ¨ne and Venisse, Jean-StÃ©phane and Bec, Alexandre and Kagami, Maiko and Amblard, Christian and Sime-Ngando, TÃ©lesphore},
    number = {1},
    month = {4},
    pages = {69--76},
    volume = {81},
    publisher = {Elsevier B.V.},
    url = {http://www.ncbi.nlm.nih.gov/pubmed/20153382},
    doi = {10.1016/j.mimet.2010.02.002},
    issn = {1872-8359},
    pmid = {20153382},
    keywords = {Colony Count, Microbial, DNA Primers, DNA Primers: genetics, DNA, Fungal, DNA, Fungal: genetics, DNA, Ribosomal, DNA, Ribosomal: genetics, Fresh Water, Fresh Water: microbiology, Fungi, Fungi: genetics, Fungi: isolation {\&} purification, Polymerase Chain Reaction, Polymerase Chain Reaction: methods, RNA, Ribosomal, 18S, RNA, Ribosomal, 18S: genetics, Sensitivity and Specificity}
}

@article{Thurman2010DigestionPyriformis,
    title = {{Digestion of bacteria by the freshwater ciliate Tetrahymena pyriformis}},
    year = {2010},
    journal = {Aquatic Microbial Ecology},
    author = {Thurman, J and Drinkall, J and Parry, Jd},
    number = {2},
    month = {6},
    pages = {163--174},
    volume = {60},
    url = {http://www.int-res.com/abstracts/ame/v60/n2/p163-174/},
    doi = {10.3354/ame01413},
    issn = {0948-3055},
    keywords = {egestion, feeding-history, ingestion, of the publisher, permitted without written consent, phagosome, protozoa, resale or republication not}
}

@article{Moberg2012DistanceImages,
    title = {{Distance maps to estimate cell volume from two-dimensional plankton images}},
    year = {2012},
    journal = {Limnology and Oceanography: Methods},
    author = {Moberg, Emily a. and Sosik, Heidi M.},
    pages = {278--288},
    volume = {10},
    doi = {10.4319/lom.2012.10.278},
    issn = {15415856}
}

@article{Lessard1996DistributionBermuda,
    title = {{Distribution , abundance and size composition of heterotrophic dinoflagellates and ciliates in the Sargasso Sea near Bermuda}},
    year = {1996},
    author = {Lessard, J and Murrellt, C},
    number = {7},
    pages = {1045--1065},
    volume = {43}
}

@article{Tamura2011DistributionEstuary,
    title = {{Distribution and diversity of oligotrich and choreotrich ciliates across an environmental gradient in a large temperate estuary}},
    year = {2011},
    journal = {Aquatic Microbial Ecology},
    author = {Tamura, Maiko and Katz  McManus, George B., Laura A},
    pages = {51--67},
    volume = {64},
    url = {http://www.int-res.com/abstracts/ame/v64/n1/p51-67/}
}

@article{Lawrence2012DriversConditions,
    title = {{Drivers of protistan grazing pressure: seasonal signals of plankton community composition and environmental conditions}},
    year = {2012},
    journal = {Marine Ecology Progress Series},
    author = {Lawrence, Caitlyn and Menden-Deuer, Susanne},
    pages = {39--52},
    volume = {459}
}

@article{Martin-Cereceda2008EasyNanoflagellate,
    title = {{Easy visualization of the protist Oxyrrhis marina grazing on a live fluorescently labelled heterotrophic nanoflagellate}},
    year = {2008},
    journal = {Current Microbiology},
    author = {Martin-Cereceda, M and Williams, R A J and Novarino, G},
    pages = {45--50},
    volume = {57}
}

@article{Pierce1992EcologyWebs,
    title = {{Ecology of planktonic ciliates in marine food webs}},
    year = {1992},
    journal = {Reviews in Aquatic Science},
    author = {Pierce, RW and Turner, JT},
    pages = {139--181},
    volume = {6}
}

@incollection{Finlay1996Ecology:Environment,
    title = {{Ecology: Role of Ciliates in the Natural Environment}},
    year = {1996},
    booktitle = {Ciliates. cells as organisms},
    author = {Finlay, B J and Fenchel, T},
    editor = {Haussman, K and Bradbury, P M},
    pages = {417--440},
    publisher = {Gustav-Fischer Verlag},
    address = {Stuttgart}
}

@article{Sieracki1987EffectRates,
    title = {{Effect of fixation on particle retention by microflagellates: underestimation of grazing rates }},
    year = {1987},
    journal = {Marine Ecology Progress Series},
    author = {Sieracki, Me and Haas, Lw and Caron, Da and Lessard, Ej},
    pages = {251--258},
    volume = {38},
    isbn = {0171-8630},
    doi = {10.3354/meps038251},
    issn = {0171-8630}
}

@article{Rose2009EffectsGrazing,
    title = {{Effects of increased pCO2 and temperature on the North Atlantic spring bloom. II. Microzooplankton abundance and grazing}},
    year = {2009},
    journal = {Marine Ecology Progress Series},
    author = {Rose, Julie M and Feng, Yuanyuan and Gobler, Christopher J and Gutierrez, Robert and Hare, Clinton E and Leblanc, Karine and Hutchins, David A},
    pages = {27--40},
    volume = {388},
    url = {http://www.int-res.com/abstracts/meps/v388/p27-40/}
}

@article{Jakobsen2002EffectsBenefits,
    title = {{Effects of protozoan grazing on colony formation in Phaeocystis globosa (Prymnesiophyceae) and the potential costs and benefits}},
    year = {2002},
    journal = {Aquatic Microbial Ecology},
    author = {Jakobsen, Hh and Tang, Kw},
    pages = {261--273},
    volume = {27},
    url = {http://www.int-res.com/abstracts/ame/v27/n3/p261-273/},
    doi = {10.3354/ame027261},
    issn = {0948-3055},
    keywords = {defense theory, diffusive boundary layer, harmful algal bloom, pelagic, toxicity}
}

@article{Agatha2010EuropeOntogenesis,
    title = {{Europe PMC Funders Group Morphologic and Genetic Variability in the Marine Planktonic Ciliate Laboea strobila Lohmann , 1908 ( Ciliophora , Oligotrichia ), with Notes on its Ontogenesis}},
    year = {2010},
    author = {Agatha, Sabine and Str{\"{u}}der-kypke, Michaela C and Beran, Alfred},
    number = {3},
    pages = {267--281},
    volume = {51},
    keywords = {1908, conica, established the genus laboea, for l, intraspecific variability, l, live observation, lohmann, microscopy, phylogeny, protargol impregnation, scanning electron, ssrrna, strombidiidae, taxonomy, without fixing a type}
}

@article{Jeong2008FeedingBacteria,
    title = {{Feeding and grazing impact by small marine heterotrophic dinoflagellates on heterotrophic bacteria}},
    year = {2008},
    journal = {Journal of Eukaryotic Microbiology},
    author = {Jeong, Hae Jin and Seong, Kyeong Ah and Yoo, Yeong Du and Kim, Tae Hoon and Kang, Nam Seon and Kim, Shin and Park, Jae Yeon and Kim, Jae Seong and Kim, Gwang Hoon and Song, Jae Yoon},
    number = {4},
    pages = {271--288},
    volume = {55},
    isbn = {1550-7408},
    doi = {10.1111/j.1550-7408.2008.00336.x},
    issn = {10665234},
    pmid = {18681841},
    keywords = {Bacterivory, Feeding behavior, Food web, Graze, Ingestion, Microbial loop, Protist}
}

@article{Schmoker2011FeedingDominans,
    title = {{Feeding, growth and metabolism of the marine heterotrophic dinoflagellate Gyrodinium dominans}},
    year = {2011},
    journal = {Aquatic Microbial Ecology},
    author = {Schmoker, C and Thor, P and Hern{\'{a}}ndez-Le{\'{o}}n, S and Hansen, Bw},
    pages = {65--73},
    volume = {65},
    doi = {10.3354/ame01533},
    issn = {0948-3055},
    keywords = {gge, grazing, growth, heterotrophic dinoflagellate, of the publisher, permitted without written consent, resale or republication not, respiration}
}

@article{Campbell2010FirstCytometry,
    title = {{First harmful dinophysis (dinophyceae, dinophysiales) bloom in the U.S. is revealed by automated imaging flow cytometry}},
    year = {2010},
    journal = {Journal of Phycology},
    author = {Campbell, Lisa and Olson, Robert J. and Sosik, Heidi M. and Abraham, Ann and Henrichs, Darren W. and Hyatt, Cammie J. and Buskey, Edward J.},
    number = {1},
    pages = {66--75},
    volume = {46},
    isbn = {0022-3646},
    doi = {10.1111/j.1529-8817.2009.00791.x},
    issn = {00223646},
    keywords = {Automated, Dinoflagellate, Early warning, Flow cytometry, Gulf of Mexico, Harmful algae, Imaging, Life history, Monitoring}
}

@article{Peperzak2011FlowPhytoplankton1,
    title = {{Flow Cytometric Applicability of Fluorescent Vitality Probes on Phytoplankton1}},
    year = {2011},
    journal = {Journal of Phycology},
    author = {Peperzak, Louis and Brussaard, Corina P. D.},
    number = {3},
    pages = {692--702},
    volume = {47},
    url = {http://doi.wiley.com/10.1111/j.1529-8817.2011.00991.x},
    doi = {10.1111/j.1529-8817.2011.00991.x},
    issn = {00223646}
}

@article{McManus2010GeneticSp.,
    title = {{Genetic identities of Cryptic species in the Strombidium stylifer/apolatum/oculatum cluster, including a description of Strombidium rassoulzadegani n. sp.}},
    year = {2010},
    journal = {The Journal of eukaryotic microbiology},
    author = {McManus, George B and Xu, Dapeng and Costas, Barbara a and Katz, Laura a},
    number = {4},
    pages = {369--78},
    volume = {57},
    url = {http://www.ncbi.nlm.nih.gov/pubmed/20553354},
    doi = {10.1111/j.1550-7408.2010.00485.x},
    issn = {1550-7408},
    pmid = {20553354},
    keywords = {Ciliophora, Ciliophora: classification, Ciliophora: genetics, Ciliophora: isolation {\&} purification, DNA, Protozoan, DNA, Protozoan: genetics, DNA, Ribosomal Spacer, DNA, Ribosomal Spacer: genetics, Molecular Sequence Data, Phylogeny, Seawater, Seawater: parasitology}
}

@article{Verity1985GrazingTintinnids,
    title = {{Grazing , respiration , excretion , and growth rates of tintinnids}},
    year = {1985},
    journal = {Limnology and Oceanography},
    author = {Verity, Peter G},
    number = {6},
    pages = {1268--1282},
    volume = {30}
}

@article{Tamigneaux1997GrazingCanada,
    title = {{Grazing by protists and seasonal changes in the size structure of protozooplankton and phytoplankton in a temperate nearshore environment (western Gulf of St. Lawrence, Canada)}},
    year = {1997},
    journal = {Marine Ecology Progress Series},
    author = {Tamigneaux, E and Mingelbier, M and Klein, B and Legendre, L},
    pages = {231--247},
    volume = {146},
    url = {http://www.int-res.com/articles/meps/146/m146p231.pdf}
}

@article{Ecol1997GrazingCanada,
    title = {{Grazing by protists and seasonal changes in the size structure of protozooplankton and phytoplankton in a temperate nearshore environment (western Gulf of St. Lawrence, Canada)}},
    year = {1997},
    author = {Ecol, Mar and Ser, Prog},
    keywords = {ciliates, flagellates grazing, perate nearshore waters, phytoplankton, protozooplankton, size structure, tem-}
}

@article{Hahn2001GrazingBacteria.,
    title = {{Grazing of protozoa and its effect on populations of aquatic bacteria.}},
    year = {2001},
    journal = {FEMS microbiology ecology},
    author = {Hahn, M W. and H{\"{o}}fle, M G.},
    number = {2},
    month = {4},
    pages = {113--121},
    volume = {35},
    url = {http://www.ncbi.nlm.nih.gov/pubmed/11295449},
    issn = {1574-6941},
    pmid = {11295449},
    keywords = {bacterium, community structure, grazing on bacteria, predation defence, protist}
}

@article{Bockstahler1993GrazingBay,
    title = {{Grazing of the mixotrophic dinoflagellate Gymnodinium sanguineum on ciliate populations of Chesapeake Bay}},
    year = {1993},
    journal = {Marine Biology},
    author = {Bockstahler, Kr and Coats, Dw},
    pages = {477â487},
    volume = {116},
    url = {http://www.springerlink.com/index/M20P7861L4212731.pdf},
    isbn = {0025-3162},
    doi = {10.1007/BF00350065},
    issn = {0025-3162}
}

@article{Tang2007GreenStudies.,
    title = {{Green autofluorescence in dinoflagellates, diatoms, and other microalgae and its implications for vital staining and morphological studies.}},
    year = {2007},
    journal = {Applied and environmental microbiology},
    author = {Tang, Ying Zhong and Dobbs, Fred C},
    number = {7},
    month = {4},
    pages = {2306--13},
    volume = {73},
    url = {http://www.pubmedcentral.nih.gov/articlerender.fcgi?artid=1855647{\&}tool=pmcentrez{\&}rendertype=abstract},
    doi = {10.1128/AEM.01741-06},
    issn = {0099-2240},
    pmid = {17277199},
    keywords = {Animals, Chlorophyll, Chlorophyll: physiology, Diatoms, Diatoms: cytology, Diatoms: physiology, Dinoflagellida, Dinoflagellida: cytology, Dinoflagellida: physiology, Eukaryota, Eukaryota: cytology, Eukaryota: physiology, Fluorescence, Hydrogen-Ion Concentration, Microscopy, Fluorescence, Staining and Labeling, Time Factors, Water Microbiology}
}

@article{Nakamura1995GrowthDominans,
    title = {{Growth and grazing of a naked heterotrophic dinoflagellate, Gyrodinium dominans}},
    year = {1995},
    journal = {Aquatic Microbial Ecology},
    author = {Nakamura, Y and Suzuki, S and Hiromi, J},
    pages = {157--164},
    volume = {9},
    doi = {10.3354/ame009157},
    issn = {0948-3055},
    keywords = {g r o w, grazlng, heterotrophlc dinoflagellate, microzooplankton, red tide, t h}
}

@article{Jacobson1993GrowthDinoflagellate,
    title = {{Growth and grazing rates of Protoperidinium hirobis Abe, a thecate heterotrophic dinoflagellate}},
    year = {1993},
    journal = {Journal of Plankton Research},
    author = {Jacobson, Dean M and Anderson, Donald M},
    pages = {723--736}
}

@article{Bjrnsen1991GrowthExperiments,
    title = {{Growth and herbivory by heterotrophic dinoflagellates in the Southern Ocean, studied by microcosm experiments}},
    year = {1991},
    journal = {Marine Biology},
    author = {Bj{\o}rnsen, P. K. and Kuparinen, J.},
    number = {3},
    pages = {397--405},
    volume = {109},
    doi = {10.1007/BF01313505},
    issn = {00253162}
}

@article{Menden-Deuer2005GrowthProtoperidinium,
    title = {{Growth rates and starvation survival of three species of the pallium-feeding, thecate dinoflagellate genus Protoperidinium}},
    year = {2005},
    journal = {Aquatic Microbial Ecology},
    author = {Menden-Deuer, Susanne and Lessard, Evelyn J. and Satterberg, Jessi and Gr{\"{u}}nbaum, Daniel},
    pages = {145--152},
    volume = {41},
    doi = {10.3354/ame041145},
    issn = {09483055},
    keywords = {Dinoflagellate, Food web, Growth rate, Heterotrophic protists, Microzooplankton, Protoperidinium, Starvation}
}

@article{Montagnes1996GrowthStrombidium,
    title = {{Growth responses of planktonic ciliate {\~{}} in the genera Strobilidium and Strombidium}},
    year = {1996},
    author = {Montagnes, David J S},
    pages = {241--254},
    volume = {130},
    keywords = {growth rate, mortality rate, nanoplankton, oligotrich ciliate, patches, plankton, small-scale, strobilidium - strombidium}
}

@article{1992GyrodiniumSpirale,
    title = {{Gyrodinium spirale}},
    year = {1992},
    pages = {327--334},
    volume = {334}
}

@article{Sherr2007HeterotrophicSea,
    title = {{Heterotrophic dinoflagellates: A significant component of microzooplankton biomass and major grazers of diatoms in the sea}},
    year = {2007},
    journal = {Marine Ecology Progress Series},
    author = {Sherr, Evelyn B. and Sherr, Barry F.},
    pages = {187--197},
    volume = {352},
    isbn = {5417374369},
    doi = {10.3354/meps07161},
    issn = {01718630},
    keywords = {Diatoms, Herbivory, Heterotrophic dinoflagellates, Microzooplankton, Phytoplankton blooms, Plankton}
}

@incollection{Gaines1987HeterotrophicNutrition,
    title = {{Heterotrophic nutrition}},
    year = {1987},
    booktitle = {The biology of dinoflagellates},
    author = {Gaines, G. and Elbrachter, M.},
    editor = {Taylor, F. J. R.},
    chapter = {Heterotrop},
    pages = {224--268},
    address = {Oxford.}
}

@article{Burja2001IdentificationChloroplast,
    title = {{Identification of the green alga , Chlorella vulgaris ( SDC1 ) using cyanobacteria derived 16S rDNA primers : targeting the chloroplast}},
    year = {2001},
    journal = {FEMS Microbiology Letters},
    author = {Burja, Adam M and Tamagnini, Paula and Bustard, Mark T and Wright, Phillip C},
    pages = {195--203},
    volume = {202},
    keywords = {16s rrna gene fragment, bioinformatic, chlorella vulgaris, chloroplast, genomic, green alga, sequencing}
}

@article{Legrand1998InducedTriquetra,
    title = {{Induced phagotrophy in the photosynthetic dinoflagellate Heterocapsa triquetra}},
    year = {1998},
    author = {Legrand, Catherine and Graneli, Edna and Carlsson, Per},
    number = {1994},
    pages = {65--75},
    volume = {15},
    keywords = {fla, heterocapsa triquetra, light limitation, mixotrophy, nutrient limitation, peridiniales, phagotrophy}
}

@inproceedings{Sosik2012InformaticsSets,
    title = {{Informatics solutions for large ocean optics data sets}},
    year = {2012},
    booktitle = {Proceedings of Ocean Optics XXI},
    author = {Sosik, HM; and Futrelle, J},
    pages = {1--7},
    address = {Glasgow, Scotland}
}

@article{InsightsOligotrich,
    title = {{Insights into the diversity of choreotrich and oligotrich}}
}

@article{Snoeyenbos-West2002InsightsLoci.,
    title = {{Insights into the diversity of choreotrich and oligotrich ciliates (Class: Spirotrichea) based on genealogical analyses of multiple loci.}},
    year = {2002},
    journal = {International Journal of Systematic and Evolutionary Microbiology},
    author = {Snoeyenbos-West, Oona L O and Salcedo, Tovah and McManus, George B and Katz, Laura A},
    pages = {1901--1913},
    volume = {52},
    url = {http://ijs.sgmjournals.org/content/52/5/1901.abstract},
    doi = {10.1099/ijs.0.02114-0 LA - en}
}

@article{Stoecker1987LargeChloroplasts,
    title = {{Large proportion of marine planktonic ciliates found to contain functional chloroplasts}},
    year = {1987},
    journal = {Nature},
    author = {Stoecker, Diane K and Michaels, Ann E and Davis, Linda H},
    pages = {790--792},
    volume = {326}
}

@article{Boyd2008LimitationsLangerhans,
    title = {{Limitations in the use of fluorescein diacetate/propidium iodide (FDA/PI) and cell permeable nucleic acid stains for viability measurements of isolated islets of Langerhans}},
    year = {2008},
    journal = {Curr Trends in Biotechnology and Pharmacy},
    author = {Boyd, Vinc and Cholewa, Om and Papas, Kk},
    number = {2},
    pages = {66--84},
    volume = {2},
    url = {http://www.pubmedcentral.nih.gov/articlerender.fcgi?artid=2931281{\&}tool=pmcentrez{\&}rendertype=abstract{\textbackslash}nhttp://www.ncbi.nlm.nih.gov/pmc/articles/PMC2931281/},
    isbn = {0973-8916 (Print) 0973-8916 (Linking)},
    issn = {0973-8916},
    pmid = {20814586}
}

@article{McManus2004MarineChloroplasts,
    title = {{Marine planktonic ciliates that prey on macroalgae and enslave their chloroplasts}},
    year = {2004},
    journal = {Limnology and Oceanography},
    author = {McManus, George B and Zhang, Huan and Lin, Senjie},
    pages = {308--313},
    volume = {49},
    url = {http://www.aslo.org/lo/toc/vol{\_}49/issue{\_}1/0308.pdf}
}

@article{Society2004MarineChloroplasts,
    title = {{Marine planktonic ciliates that prey on macroalgae and enslave their chloroplasts}},
    year = {2004},
    author = {Society, American},
    number = {1},
    pages = {308--313},
    volume = {49}
}

@article{Society2004MarineChloroplastsb,
    title = {{Marine planktonic ciliates that prey on macroalgae and enslave their chloroplasts}},
    year = {2004},
    author = {Society, American},
    number = {1},
    pages = {308--313},
    volume = {49}
}

@article{Arrigo2012MassiveIce,
    title = {{Massive Phytoplankton Blooms Under Arctic Sea Ice}},
    year = {2012},
    journal = {Science },
    author = {Arrigo, Kevin R and Perovich, Donald K and Pickart, Robert S and Brown, Zachary W and van Dijken, Gert L and Lowry, Kate E and Mills, Matthew M and Palmer, Molly A and Balch, William M and Bahr, Frank and Bates, Nicholas R and Benitez-Nelson, Claudia and Bowler, Bruce and Brownlee, Emily and Ehn, Jens K and Frey, Karen E and Garley, Rebecca and Laney, Samuel R and Lubelczyk, Laura and Mathis, Jeremy and Matsuoka, Atsushi and Mitchell, B Greg and Moore, G W K and Ortega-Retuerta, Eva and Pal, Sharmila and Polashenski, Chris M and Reynolds, Rick A and Schieber, Brian and Sosik, Heidi M and Stephens, Michael and Swift, James H},
    number = {6087 },
    month = {6},
    pages = {1408},
    volume = {336 },
    url = {http://www.sciencemag.org/content/336/6087/1408.abstract},
    doi = {10.1126/science.1215065}
}

@article{Stepanauskas2007MatchingTime.,
    title = {{Matching phylogeny and metabolism in the uncultured marine bacteria, one cell at a time.}},
    year = {2007},
    journal = {Proceedings of the National Academy of Sciences of the United States of America},
    author = {Stepanauskas, Ramunas and Sieracki, Michael E},
    number = {21},
    month = {5},
    pages = {9052--7},
    volume = {104},
    url = {http://www.pubmedcentral.nih.gov/articlerender.fcgi?artid=1885626{\&}tool=pmcentrez{\&}rendertype=abstract},
    doi = {10.1073/pnas.0700496104},
    issn = {0027-8424},
    pmid = {17502618},
    keywords = {Bacteria, Bacteria: classification, Bacteria: cytology, Bacteria: genetics, Bacteria: metabolism, Bacterial Proteins, Bacterial Proteins: genetics, Gene Amplification, Gene Library, Genes, Bacterial, Genes, Bacterial: genetics, Genome, Bacterial, Genome, Bacterial: genetics, Marine Biology, Molecular Sequence Data, Photosynthetic Reaction Center Complex Proteins, Photosynthetic Reaction Center Complex Proteins: g, Phylogeny, RNA, Ribosomal, RNA, Ribosomal: genetics, Rhodopsins, Microbial, Rhodopsins, Microbial: genetics, Seawater, Seawater: microbiology, Time Factors}
}

@article{Verity1991MeasurementNanoplankton,
    title = {{Measurement and simulation of prey uptake by marine planktonic ciliates fed plastidic and aplastidic nanoplankton}},
    year = {1991},
    journal = {Limnology and Oceanography},
    author = {Verity, Peter G},
    number = {4},
    pages = {729--749},
    volume = {36},
    doi = {10.4319/lo.1991.36.4.0729},
    issn = {00243590}
}

@article{Montagnes1999MesoscalePrey,
    title = {{Mesoscale , finescale and microscale distribution of micro- and nanoplankton in the Irish Sea , with emphasis on ciliates and their prey}},
    year = {1999},
    author = {Montagnes, D J S and Poulton, A J and Shammon, T M},
    pages = {167--179},
    volume = {134}
}

@article{Calbet1999MesozooplanktonOpen-ocean,
    title = {{Mesozooplankton influences on the microbial food web: Direct and indirect trophic interactions in the oligotrohic open-ocean}},
    year = {1999},
    journal = {Limnology and Oceanography},
    author = {Calbet, Albert and Landry, Michael R},
    pages = {1370--1380},
    volume = {44},
    url = {http://www.aslo.org/lo/toc/vol{\_}44/issue{\_}6/1370.pdf}
}

@article{Li2011MicrozooplanktonEcosystem,
    title = {{Microzooplankton grazing dynamics: Â­parameterizing grazing models with dilution experiment data from the California Current Ecosystem}},
    year = {2011},
    journal = {Marine Ecology Progress Series},
    author = {Li, Qp and Franks, Pjs and Landry, Mr},
    month = {10},
    pages = {59--69},
    volume = {438},
    url = {http://www.int-res.com/abstracts/meps/v438/p59-69/},
    doi = {10.3354/meps09320},
    issn = {0171-8630}
}

@article{Sherr2009MicrozooplanktonOcean,
    title = {{Microzooplankton grazing impact in the Western Arctic Ocean}},
    year = {2009},
    journal = {Deep Sea Research Part II: Topical Studies in Oceanography},
    author = {Sherr, Evelyn B. and Sherr, Barry F. and Hartz, Aaron J.},
    number = {17},
    month = {8},
    pages = {1264--1273},
    volume = {56},
    url = {http://linkinghub.elsevier.com/retrieve/pii/S0967064508003500},
    isbn = {5417374369},
    doi = {10.1016/j.dsr2.2008.10.036},
    issn = {09670645}
}

@article{Strom2007MicrozooplanktonPhytoplankton,
    title = {{Microzooplankton grazing in the coastal Gulf of Alaska: Variations in top-down control of phytoplankton}},
    year = {2007},
    journal = {Limnology and Oceanography},
    author = {Strom, Suzanne L and Macri, Erin L and Olson, M Brady},
    pages = {1480--1494},
    volume = {52}
}

@article{Schmoker2013MicrozooplanktonDirections,
    title = {{Microzooplankton grazing in the oceans: Impacts, data variability, knowledge gaps and future directions}},
    year = {2013},
    journal = {Journal of Plankton Research},
    author = {Schmoker, Claire and Hern{\'{a}}ndez-Le{\'{o}}n, Santiago and Calbet, Albert},
    number = {4},
    pages = {691--706},
    volume = {35},
    isbn = {6567773537},
    doi = {10.1093/plankt/fbt023},
    issn = {01427873},
    keywords = {biogeographical provinces, dilution experiments, microzooplankton grazing, phytoplankton growth, primary production}
}

@article{Caron2000MicrozooplanktonAntarctica,
    title = {{Microzooplankton herbivory in the Ross Sea Antarctica}},
    year = {2000},
    author = {Caron, David A and Dennett, Mark R and Lonsdale, Darcy J and Moran, Dawn M and Shalapyonok, Ludmilla},
    pages = {3249--3272},
    volume = {47}
}

@article{Flynn2012MisuseTypes,
    title = {{Misuse of the phytoplankton-zooplankton dichotomy: the need to assign organisms as mixotrophs within plankton functional types}},
    year = {2012},
    journal = {Journal of Plankton Research},
    author = {Flynn, K. J. and Stoecker, D. K. and Mitra, a. and Raven, J. a. and Glibert, P. M. and Hansen, P. J. and Graneli, E. and Burkholder, J. M.},
    number = {0},
    month = {9},
    url = {http://www.plankt.oxfordjournals.org/cgi/doi/10.1093/plankt/fbs062},
    doi = {10.1093/plankt/fbs062},
    issn = {0142-7873},
    keywords = {10, 1093, all rights reserved, available online at www, com, doi, fbs062, for permissions, journals, microzooplankton, mixotroph, model, org, oup, oxfordjournals, permissions, phytoplankton, plankt, plankton functional type, please email, press, primary production, production, published by oxford university, secondary, the author 2012}
}

@article{Stoecker1999MixotrophyDinoflagellates,
    title = {{Mixotrophy among Dinoflagellates}},
    year = {1999},
    journal = {The Journal of Eukaryotic Microbiology},
    author = {Stoecker, Diane K.},
    number = {4},
    month = {7},
    pages = {397--401},
    volume = {46},
    url = {http://doi.wiley.com/10.1111/j.1550-7408.1999.tb04619.x},
    doi = {10.1111/j.1550-7408.1999.tb04619.x},
    issn = {1066-5234},
    keywords = {absence of chlorophyll and, as autotrophic or heterotrophic, based on the presence, categorized, endosymbioses, harmful algal blooms, inoflagellates have traditionally been, it has long been, kleptoplastidy, microbial food web, or, plastids, recognized}
}

@misc{Mixotrophy_in_ciliates_a_review_of_Chlorella_symbiosis_and_chloroplast_retention.pdf,
    title = {{Mixotrophy{\_}in{\_}ciliates{\_}a{\_}review{\_}of{\_}Chlorella{\_}symbiosis{\_}and{\_}chloroplast{\_}retention.pdf}}
}

@article{McManus2009MolecularMarriage,
    title = {{Molecular and morphological methods for identifying plankton: what makes a successful marriage?}},
    year = {2009},
    journal = {Journal of Plankton Research},
    author = {McManus, George B and Katz, Laura A},
    pages = {1119--1129},
    volume = {31},
    url = {http://plankt.oxfordjournals.org/content/31/10/1119.full},
    doi = {10.1093/plankt/fbp061 LA  - en}
}

@article{Fawley2004MolecularMicrochlorophytes.,
    title = {{Molecular diversity among communities of freshwater microchlorophytes.}},
    year = {2004},
    journal = {Microbial ecology},
    author = {Fawley, M W and Fawley, K P and Buchheim, M a},
    number = {4},
    month = {11},
    pages = {489--99},
    volume = {48},
    url = {http://www.ncbi.nlm.nih.gov/pubmed/15696382},
    doi = {10.1007/s00248-004-0214-4},
    issn = {0095-3628},
    pmid = {15696382},
    keywords = {Base Sequence, Chlorophyta, Chlorophyta: classification, Chlorophyta: genetics, DNA, Bacterial, DNA, Ribosomal, Fresh Water, Genetic Variation, Genetic Variation: genetics, Minnesota, North Dakota, Phylogeny, RNA, Ribosomal, 18S, RNA, Ribosomal, 18S: genetics, Water Microbiology}
}

@article{Agatha2004MorphologicOntogenesis,
    title = {{Morphologic and genetic variability in the marine planktonic ciliate Laboea strobila Lohmann, 1908 (Ciliophora, Oligotrichia), with notes on its ontogenesis}},
    year = {2004},
    journal = {Journal of Eukaryotic Microbiology},
    author = {Agatha, Sabine and Struder-Kypke, Michaela C and Beran, Alfred C2 - PMC2859603},
    pages = {267--281},
    volume = {51},
    url = {http://dx.doi.org/}
}

@article{Christaki2001NanoflagellateSea,
    title = {{Nanoflagellate predation on auto- and heterotrophic picoplankton in the oligotrophic Mediterranean Sea}},
    year = {2001},
    author = {Christaki, Urania and Giannakourou, Antonia and Wambeke, France V A N and Gr{\'{e}}gori, GÃ©rald}
}

@article{Caron2009NewEcosystems,
    title = {{New accomplishments and approaches for assessing protistan diversity and ecology in natural ecosystems}},
    year = {2009},
    journal = {BioScience},
    author = {Caron, David A},
    pages = {287--299},
    volume = {59}
}

@article{BrownleeNoTitle,
    title = {{No Title}},
    author = {Brownlee, Emily}
}

@article{Jonsson1986ParticleOligotrichina,
    title = {{Particle size selection, feeding rates and growth dynamics of marine planktonic oligotrichous ciliates (Ciliophora: Oligotrichina)}},
    year = {1986},
    journal = {Marine Ecology Progress Series},
    author = {Jonsson, Pr},
    pages = {265--277},
    volume = {33},
    url = {http://www.int-res.com/articles/meps/33/m033p265.pdf},
    doi = {10.3354/meps033265},
    issn = {0171-8630}
}

@article{Rassoulzadegan1988PartitioningAnd,
    title = {{Partitioning of the food ration of marine ciliates between pico- and}},
    year = {1988},
    author = {Rassoulzadegan, F and Sheldon, R W and Valrose, Parc},
    pages = {75--88},
    volume = {88},
    keywords = {food size ranges, food webs, oligotrichina, planktonic ciliates, production, rations}
}

@article{McManus1986PhotosyntheticUSA,
    title = {{Photosynthetic pigments in the ciliate Laboea strobila from Long Island Sound, USA}},
    year = {1986},
    journal = {Journal of Plankton Research},
    author = {McManus, George B and Fuhrman, Jed A},
    pages = {317--327},
    volume = {8}
}

@article{Tengs2000PhylogeneticOrigin.,
    title = {{Phylogenetic analyses indicate that the 19'Hexanoyloxy-fucoxanthin-containing dinoflagellates have tertiary plastids of haptophyte origin.}},
    year = {2000},
    journal = {Molecular biology and evolution},
    author = {Tengs, T and Dahlberg, O J and Shalchian-Tabrizi, K and Klaveness, D and Rudi, K and Delwiche, C F and Jakobsen, K S},
    number = {5},
    month = {5},
    pages = {718--29},
    volume = {17},
    url = {http://www.ncbi.nlm.nih.gov/pubmed/10779532},
    issn = {0737-4038},
    pmid = {10779532},
    keywords = {Animals, Carotenoids, Carotenoids: analogs {\&} derivatives, Carotenoids: genetics, Carotenoids: metabolism, Cyanobacteria, Cyanobacteria: classification, Cyanobacteria: genetics, DNA, Ribosomal, DNA, Ribosomal: genetics, Dinoflagellida, Dinoflagellida: classification, Dinoflagellida: genetics, Dinoflagellida: metabolism, Evolution, Molecular, Phylogeny, Plastids, Plastids: genetics, RNA, Ribosomal, 16S, RNA, Ribosomal, 16S: genetics, Xanthophylls}
}

@article{Arrigo2014PhytoplanktonSea,
    title = {{Phytoplankton blooms beneath the sea ice in the Chukchi sea}},
    year = {2014},
    journal = {Deep Sea Research Part II: Topical Studies in Oceanography},
    author = {Arrigo, Kevin R and Perovich, Donald K and Pickart, Robert S and Brown, Zachary W and van Dijken, Gert L and Lowry, Kate E and Mills, Matthew M and Palmer, Molly A and Balch, William M and Bates, Nicholas R and Benitez-Nelson, Claudia R and Brownlee, Emily and Frey, Karen E and Laney, Samuel R and Mathis, Jeremy and Matsuoka, Atsushi and Greg Mitchell, B and Moore, G W K and Reynolds, Rick A and Sosik, Heidi M and Swift, James H},
    month = {7},
    pages = {1--16},
    volume = {105},
    url = {http://www.sciencedirect.com/science/article/pii/S0967064514000836},
    doi = {http://dx.doi.org/10.1016/j.dsr2.2014.03.018},
    issn = {0967-0645},
    keywords = {Arctic, Phytoplankton, Sea ice}
}

@article{Calbet2004PhytoplanktonSystems,
    title = {{Phytoplankton growth, microzooplankton grazing, and carbon cycling in marine systems}},
    year = {2004},
    journal = {Limnology and Oceanography},
    author = {Calbet, Albert and Landry, Michael R},
    pages = {51--57},
    volume = {49},
    url = {http://www.aslo.org/lo/toc/vol{\_}49/issue{\_}1/0051.pdf}
}

@article{Dolan1996Planktonic1993,
    title = {{Planktonic ciliate distribution relative to a deep chlorophyll maximum : Catalan Sea , N . W . Mediterranean , June 1993}},
    year = {1996},
    author = {Dolan, John R},
    number = {11112},
    volume = {42}
}

@article{Dolan1995Planktonic1993,
    title = {{Planktonic ciliate distribution relative to a deep chlorophyll maximum: Catalan Sea, N.W. Mediterranean, June 1993}},
    year = {1995},
    journal = {Deep Sea Research Part I: Oceanographic Research Papers},
    author = {Dolan, John R and Marrase, C},
    pages = {1965â1987},
    volume = {42},
    url = {http://dx.doi.org/10.1016/0967-0637(95)00092-5},
    doi = {10.1016/0967-0637(95)00092-5}
}

@article{Perez1997PlanktonicCopepods,
    title = {{Planktonic oligotrich ciliates in the NW Mediterranean : growth rates and consumption by copepods}},
    year = {1997},
    author = {Perez, M T and Dolan, J R and Fukai, E},
    pages = {89--101},
    volume = {155}
}

@article{Jurgens2002PredationBacteria.,
    title = {{Predation as a shaping force for the phenotypic and genotypic composition of planktonic bacteria.}},
    year = {2002},
    journal = {Antonie van Leeuwenhoek},
    author = {J{\"{u}}rgens, Klaus and Matz, Carsten},
    number = {1-4},
    month = {8},
    pages = {413--34},
    volume = {81},
    url = {http://www.ncbi.nlm.nih.gov/pubmed/12448740},
    doi = {10.1023/A:1020505204959},
    issn = {0003-6072},
    pmid = {12448740},
    keywords = {Animals, Bacteria, Bacteria: classification, Bacteria: genetics, Ecosystem, Eukaryota, Eukaryota: physiology, Genotype, Phenotype, Plankton, Plankton: classification, Plankton: genetics, Predatory Behavior, Water, Water Microbiology, Water: parasitology}
}

@article{Arndt2000PredationTechnique,
    title = {{Predation on heterotrophic flagellates by protist. Food selectivity determined using a live-staining technique}},
    year = {2000},
    journal = {Archiv Fur Hydrobiologie},
    author = {Arndt, K and Premke, H},
    pages = {17--28},
    volume = {15}
}

@article{Pernthaler2005PredationImplications.,
    title = {{Predation on prokaryotes in the water column and its ecological implications.}},
    year = {2005},
    journal = {Nature reviews. Microbiology},
    author = {Pernthaler, Jakob},
    number = {7},
    month = {7},
    pages = {537--46},
    volume = {3},
    url = {http://www.ncbi.nlm.nih.gov/pubmed/15953930},
    doi = {10.1038/nrmicro1180},
    issn = {1740-1526},
    pmid = {15953930},
    keywords = {Animals, Apoptosis, Bacteriolysis, Biological Evolution, Cytotoxins, Cytotoxins: biosynthesis, Ecosystem, Eukaryota, Eukaryota: physiology, Food Chain, Fresh Water, Fresh Water: microbiology, Marine Biology, Plankton, Plankton: physiology, Prokaryotic Cells, Prokaryotic Cells: immunology, Prokaryotic Cells: physiology, Prokaryotic Cells: virology, Water Microbiology}
}

@article{Stoecker1990PredationZooplankton,
    title = {{Predation on protozoa: Its importance to zooplankton}},
    year = {1990},
    journal = {Journal of Plankton Research},
    author = {Stoecker, Diane K. and Capuzzo, Judith Mcdowell},
    number = {5},
    pages = {891--908},
    volume = {12},
    isbn = {0142-7873},
    doi = {10.1093/plankt/12.5.891},
    issn = {01427873}
}

@article{Bay1991PreliminaryIngestion,
    title = {{Preliminary prey digestion in a predacious estuarine ciliate and the use of digestion data to estimate ingestion}},
    year = {1991},
    author = {Bay, In Chesapeake},
    number = {3},
    pages = {558--565},
    volume = {36}
}

@incollection{Throndsen1978PreservationStorage,
    title = {{Preservation and storage}},
    year = {1978},
    booktitle = {Phytoplankton manual},
    author = {Throndsen, J},
    editor = {Sournia, A},
    pages = {69--74},
    publisher = {UNESCO},
    address = {Paris, France}
}

@article{Stoecker1994PreservationFixation,
    title = {{Preservation of marine planktonic ciliates: losses and cell shrinkage during fixation}},
    year = {1994},
    journal = {Marine Ecology Progress Series},
    author = {Stoecker, Diane K and Gifford, Dian J and Putt, Mary},
    pages = {293--299},
    volume = {110},
    keywords = {ciliates, inverted, microscope technique, microzooplankton, oligotrichs - fixation, shrinkage - cell losses}
}

@article{Guo2012PrevalentGene.,
    title = {{Prevalent ciliate symbiosis on copepods: high genetic diversity and wide distribution detected using small subunit ribosomal RNA gene.}},
    year = {2012},
    journal = {PloS one},
    author = {Guo, Zhiling and Liu, Sheng and Hu, Simin and Li, Tao and Huang, Yousong and Liu, Guangxing and Zhang, Huan and Lin, Senjie},
    number = {9},
    month = {1},
    pages = {e44847},
    volume = {7},
    url = {http://www.pubmedcentral.nih.gov/articlerender.fcgi?artid=3443111{\&}tool=pmcentrez{\&}rendertype=abstract},
    doi = {10.1371/journal.pone.0044847},
    issn = {1932-6203},
    pmid = {23024768}
}

@article{HansenPerJuel1992PreySpirale,
    title = {{Prey size selection, feeding rates and growth dynamics of heterotrophic dinoflagellates with special emphasis on Gyrodinium spirale}},
    year = {1992},
    journal = {Marine Biology},
    author = {{Hansen Per Juel}},
    pages = {327--334},
    volume = {114}
}

@article{Anderson2012ProtistInterfaces,
    title = {{Protist grazing and viral lysis as prokaryotic mortality factors at Baltic Sea oxicâanoxic interfaces}},
    year = {2012},
    journal = {Marine Ecology Progress Series},
    author = {Anderson, R and Winter, C and J{\"{u}}rgens, K},
    month = {10},
    pages = {1--14},
    volume = {467},
    url = {http://www.int-res.com/abstracts/meps/v467/p1-14/},
    doi = {10.3354/meps10001},
    issn = {0171-8630},
    keywords = {anoxia, baltic sea, grazing, permitted without, protist, publisher, redoxcline, resale or republication not, suboxia, viral lysis, written consent of the}
}

@incollection{Sherr1993ProtistanPrey,
    title = {{Protistan grazing rates via uptake of fluorescently labeled prey}},
    year = {1993},
    booktitle = {Handbook of methods in aquatic microbial ecology},
    author = {Sherr, EB and Sherr, BF},
    editor = {Kemp, P and Sherr, B F and Sherr, EB and Cole, J},
    pages = {695â701},
    publisher = {Lewis Publishers},
    address = {Boca Raton, Fl}
}

@article{Hansen1991QuantitativeWeb,
    title = {{Quantitative importance and trophic role of heterotrophic dinoflagellates in a coastal pelagial food web}},
    year = {1991},
    journal = {Marine Ecology Progress Series},
    author = {Hansen, P. J.},
    number = {2-3},
    pages = {253--261},
    volume = {73},
    isbn = {0171-8630},
    doi = {10.3354/meps073253},
    issn = {01718630},
    pmid = {2595104}
}

@article{Breiman2001RandomForests,
    title = {{Random forests}},
    year = {2001},
    journal = {Machine learning},
    author = {Breiman, L},
    pages = {5--32},
    volume = {45},
    url = {http://link.springer.com/article/10.1023/A:1010933404324},
    isbn = {0885-6125},
    doi = {10.1023/A:1010933404324},
    issn = {0885-6125},
    pmid = {21816105},
    arxivId = {http://dx.doi.org/10.1023{\%}2FA{\%}3A1010933404324},
    keywords = {classification, ensemble, regression}
}

@article{Dorsey1989RapidMicroalgae,
    title = {{Rapid analytical technique for the assessment of cell metabolic activity in marine microalgae}},
    year = {1989},
    journal = {Cytometry},
    author = {Dorsey, Judy and Yentsch, Clarise M and Mayo, Sara and McKenna, Colleen},
    pages = {622--628},
    volume = {10}
}

@article{Brosnahan0RapidDinophyceae,
    title = {{Rapid growth and concerted sexual transitions by a bloom of the harmful dinoflagellate Alexandrium fundyense (Dinophyceae)}},
    year = {0},
    journal = {Limnology and Oceanography},
    author = {Brosnahan, M L and Velo-Suarez, L and Ralston, D K and Fox, S E and Sehein, T R and Shalapyonok, A and Sosik, H M and Olson, R J and M, Anderson D}
}

@article{Montagnes2002RedescriptionOligotrichia.,
    title = {{Redescription of Strombidium oculatum Gruber 1884 (Ciliophora, Oligotrichia).}},
    year = {2002},
    journal = {The Journal of eukaryotic microbiology},
    author = {Montagnes, David J S and Lowe, Chris D and Poultonb, Alex and Jonsson, Per R},
    number = {4},
    pages = {329--37},
    volume = {49},
    url = {http://www.ncbi.nlm.nih.gov/pubmed/12188224},
    issn = {1066-5234},
    pmid = {12188224},
    keywords = {Animals, Atlantic Ocean, Cell Nucleus, Cell Nucleus: ultrastructure, Ciliophora, Ciliophora: classification, Ciliophora: physiology, Ciliophora: ultrastructure, France, Mediterranean Sea, Microscopy, Electron, Scanning, Morphogenesis, Seawater, Seawater: parasitology, Silver Staining}
}

@article{Katz2005ReframingMorphospecies,
    title = {{Reframing the 'Everything is everywhere' debate: evidence for high gene flow and diversity in ciliate morphospecies}},
    year = {2005},
    journal = {Aquatic Microbial Ecology},
    author = {Katz, Laura A and McManus, George B and Snoeyenbos-West, Oona L O and Griffin, Autumn and Pirog, Katarzyna and Costas, Barbara and Foissner, Wilhelm},
    pages = {55--65},
    volume = {41},
    url = {http://www.int-res.com/abstracts/ame/v41/n1/p55-65/}
}

@article{Strom2007Responses.,
    title = {{Responses of marine planktonic protists to amino acids : feeding inhibition and swimming behavior in the ciliate Favella sp .}},
    year = {2007},
    author = {Strom, Suzanne L and Wolfe, Gordon V and Bright, Kelley J},
    number = {Wolfe 2000},
    pages = {107--121},
    volume = {47},
    keywords = {chemical ecology, ciliate, dinoflagellate, ingestion, permitted without, publisher, resale or republication not, signaling, swimming behavior, written consent of the}
}

@article{Saito2006RoleBloom,
    title = {{Role of heterotrophic dinoflagellate Gyrodinium sp. in the fate of an iron induced diatom bloom}},
    year = {2006},
    journal = {Geophysical Research Letters},
    author = {Saito, Hiroaki and Ota, Takashi and Suzuki, Koji and Nishioka, Jun and Tsuda, Atsushi},
    number = {December 2005},
    pages = {6--9},
    volume = {33},
    isbn = {0094-8276},
    doi = {10.1029/2005GL025366},
    issn = {00948276}
}

@article{Gaedke1994SeasonalAnalysis,
    title = {{Seasonal changes of trophic transfer efficiencies in a plankton food web derived from biomass size distributions and network analysis}},
    year = {1994},
    author = {Gaedke, Ursula and Straile, Dietmar},
    pages = {435--445},
    volume = {75-76},
    keywords = {biomass, food webs, network analysis, plankton, seasonality}
}

@article{Sanders1995SeasonalMaine,
    title = {{Seasonal distributions of the photosynthesizing ciliates Laboea strobila and Myrionecta rubra (= Mesodinium rubrum) in an estuary of the Gulf of Maine}},
    year = {1995},
    journal = {Aquatic Microbial Ecology},
    author = {Sanders, Rw},
    pages = {237--242},
    volume = {9},
    url = {http://www.int-res.com/abstracts/ame/v09/n3/p237-242/},
    doi = {10.3354/ame009237},
    issn = {0948-3055},
    keywords = {ciliates, laboea, mixotrophy, myrionecta, primary production}
}

@article{Modigh2001SeasonalSite,
    title = {{Seasonal variations of photosynthetic ciliates at a Mediterranean coastal site}},
    year = {2001},
    journal = {Aquatic Microbial Ecology},
    author = {Modigh, M},
    pages = {163--175},
    volume = {23},
    url = {http://www.int-res.com/articles/ame/23/a023p163.pdf}
}

@article{Modigh2001SeasonalSiteb,
    title = {{Seasonal variations of photosynthetic ciliates at a Mediterranen coastal site}},
    year = {2001},
    journal = {Aquatic Microbial Ecology},
    author = {Modigh, M},
    pages = {163--175},
    volume = {23},
    keywords = {coastal, distribution, mediterranean, microzooplankton, naples}
}

@article{Montagnes2008SelectiveStudy,
    title = {{Selective feeding behavior of key free-living protists: avenues for continued study}},
    year = {2008},
    journal = {Aquatic Microbial Ecology},
    author = {Montagnes, David J S and Barbosa, Ana B and Boenigk, Jens and Davidson, Keith and Jurgens, Klaus and Macek, Mirslav and Parry, Jacqueline D and Roberts, Emily C and Simek, Karel},
    pages = {83--98},
    volume = {53},
    url = {http://www.int-res.com/articles/ame{\_}oa/a053p083.pdf}
}

@article{Weekers1994SequenceImplications.,
    title = {{Sequence variations in small-subunit ribosomal RNAs of Hartmannella vermiformis and their phylogenetic implications.}},
    year = {1994},
    journal = {Molecular biology and evolution},
    author = {Weekers, P H and Gast, R J and Fuerst, P a and Byers, T J},
    number = {4},
    month = {7},
    pages = {684--90},
    volume = {11},
    url = {http://www.ncbi.nlm.nih.gov/pubmed/8078407},
    issn = {0737-4038},
    pmid = {8078407},
    keywords = {Acanthamoeba, Acanthamoeba: genetics, Animals, Base Sequence, Chlamydomonas reinhardtii, Chlamydomonas reinhardtii: genetics, DNA, Ribosomal, DNA, Ribosomal: genetics, Eukaryota, Eukaryota: genetics, Genes, Lobosea, Lobosea: genetics, Molecular Sequence Data, Phylogeny, Polymerase Chain Reaction, RNA, Ribosomal, RNA, Ribosomal: genetics, Sequence Alignment, Sequence Homology, Nucleic Acid, Species Specificity}
}

@article{Gribble2009SexualDinophyceae.,
    title = {{Sexual and asexual processes in Protoperidinium steidingerae Balech (Dinophyceae), with observations on life-history stages of Protoperidinium depressum (Bailey) Balech (Dinophyceae).}},
    year = {2009},
    journal = {The Journal of eukaryotic microbiology},
    author = {Gribble, Kristin E and Anderson, Donald M and Coats, D Wayne},
    number = {1},
    pages = {88--103},
    volume = {56},
    url = {http://www.ncbi.nlm.nih.gov/pubmed/19335779},
    doi = {10.1111/j.1550-7408.2008.00378.x},
    issn = {1550-7408},
    pmid = {19335779},
    keywords = {Animals, Cell Division, Dinoflagellida, Dinoflagellida: cytology, Dinoflagellida: genetics, Dinoflagellida: physiology, Germ Cells, Germ Cells: cytology, Germ Cells: physiology, Microscopy, Microscopy, Electron, Scanning}
}

@misc{Sherr_Sherr_1987.pdf,
    title = {{Sherr{\_}Sherr{\_}1987.pdf}}
}

@article{Science2007ShortCiliate,
    title = {{Short Communication A Taxon-specific Oligonucleotide Primer Set for PCR-based Detection of Soil Ciliate}},
    year = {2007},
    author = {Science, Low Temperature and Farming, Upland and Agricultural, National and Region, Tohoku},
    number = {1},
    pages = {78--81},
    volume = {22},
    keywords = {13, 18s rrna gene, because they prey on, ciliate, ciliates are also, ecosystem, important role in the, in the food web, mainly bacteria 8, microorganisms, pcr, soil ciliates play an, they occupy a niche}
}

@article{Sherr2002SignificanceWebs.,
    title = {{Significance of predation by protists in aquatic microbial food webs.}},
    year = {2002},
    journal = {Antonie van Leeuwenhoek},
    author = {Sherr, Evelyn B and Sherr, Barry F},
    number = {1-4},
    month = {8},
    pages = {293--308},
    volume = {81},
    url = {http://www.ncbi.nlm.nih.gov/pubmed/12448728},
    doi = {10.1023/A:1020591307260},
    issn = {0003-6072},
    pmid = {12448728},
    keywords = {Animals, Ecosystem, Eukaryota, Eukaryota: physiology, Feeding Behavior, Food Chain, Predatory Behavior, Water, Water Microbiology, Water: parasitology}
}

@article{Kivi1995SimultaneousPlanktonic,
    title = {{Simultaneous measurement of food particle selection and clearance rates of planktonic}},
    year = {1995},
    journal = {Marine Ecology Progress Series},
    author = {Kivi, Kai and Setala, Outi},
    pages = {125--137},
    volume = {119},
    keywords = {ciliates grazing, food selection}
}

@article{Gonzalez1990Size-selectiveCiliates.,
    title = {{Size-selective grazing on bacteria by natural assemblages of estuarine flagellates and ciliates.}},
    year = {1990},
    journal = {Applied and environmental microbiology},
    author = {Gonzalez, J M and Sherr, E B and Sherr, B F},
    number = {3},
    month = {3},
    pages = {583--9},
    volume = {56},
    url = {http://www.pubmedcentral.nih.gov/articlerender.fcgi?artid=183390{\&}tool=pmcentrez{\&}rendertype=abstract},
    issn = {0099-2240},
    pmid = {2107794},
    keywords = {Animals, Bacteria, Bacteria: cytology, Cell Division, Ciliophora, Ciliophora: physiology, Enterobacteriaceae, Enterobacteriaceae: cytology, Eukaryota, Eukaryota: physiology, Phagocytosis, Phagocytosis: physiology, Plankton, Plankton: cytology, Seawater, Water Microbiology}
}

@article{Lessard1985Speciies-specificTechnique,
    title = {{Speciies-specific grazing rates of heterotrophic dinoflagellates in oceanic waters, measure with a dual-label radioisotope technique}},
    year = {1985},
    journal = {Marine Biology},
    author = {Lessard, E. J. and Swift, E},
    pages = {289--296},
    volume = {87}
}

@article{Heinbokel1979StudiesAssemblages,
    title = {{Studies on the functional role of tintinnids in the Southern California Bight. III. Grazing impact of natural assemblages}},
    year = {1979},
    journal = {Marine Biology},
    author = {Heinbokel, J. F. and Beers, J. R.},
    pages = {23--32},
    volume = {52}
}

@article{Garcia-Cuetos2012StudiesTaxonomy,
    title = {{Studies on the genus mesodinium II. Ultrastructural and molecular investigations of five marine species help clarifying the taxonomy}},
    year = {2012},
    journal = {Journal of Eukaryotic Microbiology},
    author = {Garcia-Cuetos, Lydia and Moestrup, Ojvind and Hansen, Per J.},
    number = {4},
    pages = {374--400},
    volume = {59},
    isbn = {1066-5234},
    doi = {10.1111/j.1550-7408.2012.00630.x},
    issn = {10665234},
    pmid = {22708786},
    keywords = {Ciliate, Mesodinium, Myrionecta, Phylogeny, Ultrastructure}
}

@article{Ismael2003SuccessionEgypt,
    title = {{Succession of heterotrophic and mixotrophic dinoflagellates as well as autotrophic microplankton in the harbour of Alexandria, Egypt}},
    year = {2003},
    journal = {Journal of Plankton Research},
    author = {Ismael, Amany a.},
    pages = {193--202},
    volume = {25},
    doi = {10.1093/plankt/25.2.193},
    issn = {01427873}
}

@article{Grattepanche2011SuccessionBlooms,
    title = {{Succession of primary producers and micrograzers in a coastal ecosystem dominated by Phaeocystis globosa blooms}},
    year = {2011},
    journal = {Journal of Plankton Research},
    author = {Grattepanche, Jean David and Breton, Elsa and Brylinski, Jean Michel and Lecuyer, Eric and Christaki, Urania},
    pages = {37--50},
    volume = {33},
    doi = {10.1093/plankt/fbq097},
    issn = {01427873},
    keywords = {Phaeocystis globosa, diatoms, eastern English Channel, micrograzer community}
}

@misc{Guerra2009SupportingLanguages,
    title = {{Supporting user-oriented analysis for multi-view domain-specific visual languages}},
    year = {2009},
    booktitle = {Information and Software Technology},
    author = {Guerra, Esther and de Lara, Juan and Malizia, Alessio and D{\'{i}}az, Paloma},
    number = {4},
    pages = {769--784},
    volume = {51},
    isbn = {0950-5849},
    doi = {10.1016/j.infsof.2008.09.005},
    issn = {09505849},
    arxivId = {arXiv:cond-mat/0402594v3},
    archivePrefix = {arXiv},
    eprint = {0402594v3},
    primaryClass = {cond-mat},
    keywords = {Back-annotation, Consistency, Domain-specific visual languages, Formal methods, Model transformation, Modelling environments}
}

@article{Corzo1999SynechococcusSummer,
    title = {{Synechococcus and Prochlorococcus-like populations detected by flow cytometry in a eutrophic reservoir in summer}},
    year = {1999},
    author = {Corzo, A and Gordillo, F J L and Niell, F X},
    number = {8},
    pages = {1575--1581},
    volume = {21}
}

@article{Yamaguchi2011TaxonomySymbiont.,
    title = {{Taxonomy and phylogeny of a new kleptoplastidal dinoflagellate, Gymnodinium myriopyrenoides sp. nov. (Gymnodiniales, Dinophyceae), and its cryptophyte symbiont.}},
    year = {2011},
    journal = {Protist},
    author = {Yamaguchi, H and Nakayama, T and Kai, A and Inouye, I},
    pages = {650--667},
    volume = {162}
}

@article{Persidsky1977TestFluorometry,
    title = {{Test of Cell Membrane Labeling the Cells with Fluorescein Cell Procurement and Enumeration Extracting Fluorescein from the Cells Fluorometry}},
    year = {1977},
    author = {Persidsky, D and Stuart, G},
    pages = {322--331},
    volume = {331}
}

@article{Smetacek1981TheBight,
    title = {{The annual cycle of protozooplankton in the Kiel Bight}},
    year = {1981},
    journal = {Marine Biology},
    author = {Smetacek, V.},
    number = {1},
    pages = {1--11},
    volume = {63},
    url = {http://www.springerlink.com/index/10.1007/BF00394657},
    doi = {10.1007/BF00394657},
    issn = {0025-3162}
}

@article{Adolf2006TheDinophyceae,
    title = {{The balance of autotrophy and heterotrophy during mixotrophic growth of Karlodinium micrum (Dinophyceae)}},
    year = {2006},
    journal = {Journal of Plankton Research},
    author = {Adolf, J. E.},
    number = {8},
    month = {5},
    pages = {737--751},
    volume = {28},
    url = {http://www.plankt.oxfordjournals.org/cgi/doi/10.1093/plankt/fbl007},
    doi = {10.1093/plankt/fbl007},
    issn = {0142-7873}
}

@article{Calbet2005TheEcosystems,
    title = {{The ciliate-copepod link in marine ecosystems}},
    year = {2005},
    journal = {Aquatic Microbial Ecology},
    author = {Calbet, A and Saiz, E},
    pages = {157--167},
    volume = {38},
    url = {http://www.int-res.com/abstracts/ame/v38/n2/p157-167/},
    doi = {10.3354/ame038157},
    issn = {0948-3055},
    keywords = {biogeochemical cycles, ciliates, copepods, feeding, food webs, marine, mesozooplankton, microzooplankton, of the publisher, permitted without written consent, remineralization, resale or republication not}
}

@book{Lynn2008TheLiterature,
    title = {{The Ciliated Protozoa, Characterization, Classification, and Guide to the Literature}},
    year = {2008},
    author = {Lynn, D H},
    edition = {3rd},
    publisher = {Springer},
    address = {New York}
}

@phdthesis{Jacobson1987TheDinoflagellates.,
    title = {{The ecology and feeding behavior of thecate heterotrophic dinoflagellates.}},
    year = {1987},
    author = {Jacobson, D},
    school = {Massachusetts Institute of Technology/Woods Hole Oceanographic Institution.}
}

@article{Siegel2002TheHypothesis.,
    title = {{The North Atlantic spring phytoplankton bloom and Sverdrup's critical depth hypothesis.}},
    year = {2002},
    journal = {Science (New York, N.Y.)},
    author = {Siegel, D a and Doney, S C and Yoder, J a},
    number = {5568},
    month = {4},
    pages = {730--3},
    volume = {296},
    url = {http://www.ncbi.nlm.nih.gov/pubmed/11976453},
    doi = {10.1126/science.1069174},
    issn = {1095-9203},
    pmid = {11976453},
    keywords = {Atlantic Ocean, Chlorophyll, Chlorophyll: analysis, Ecosystem, Eutrophication, Light, Mathematics, Photosynthesis, Phytoplankton, Phytoplankton: physiology, Seasons, Seawater, Spacecraft}
}

@article{Dolan2005TheMicrozooplankton,
    title = {{The reliability of grazing rate estimates from dilution experiments: Have we over-estimated rates of organic carbon consumption by microzooplankton?}},
    year = {2005},
    journal = {Ocean Science},
    author = {Dolan,, J. R. and McKeon, K.},
    number = {1},
    month = {2},
    pages = {1--7},
    volume = {1},
    url = {http://www.ocean-sci.net/1/1/2005/},
    doi = {10.5194/os-1-1-2005},
    issn = {1812-0792}
}

@article{Mladen2006The,
    title = {{The role of ciliates within the microbial food web in the eutrophicated part of Kas Ë tela Bay ( middle Adriatic Sea )}},
    year = {2006},
    author = {Mladen, S},
    number = {September},
    pages = {431--442},
    volume = {70},
    keywords = {abiotic factors, adriatic sea, biotic factors, ciliated protozoa, microbial food web}
}

@article{Bojanic2006TheSea,
    title = {{The role of ciliates within the microbial food web in the eutrophicated part of Kastela Bay (middle Adriatic Sea)}},
    year = {2006},
    journal = {Scientia Marina},
    author = {Bojanic, Natalia and Solic, Miladen and Krstulovic, Nada and Sestanovic, Stefanija and Gladan, Nincevic and Marasovic, Ivona and Brautovic, Igor},
    pages = {431--442},
    volume = {70}
}

@article{Cushing1959TheDynamics,
    title = {{The seasonal variation in oceanic production as a problem in population dynamics}},
    year = {1959},
    journal = {Journal du Conseil },
    author = {Cushing, D H},
    number = {3 },
    month = {6},
    pages = {455--464},
    volume = {24 },
    url = {http://icesjms.oxfordjournals.org/content/24/3/455.short},
    doi = {10.1093/icesjms/24.3.455}
}

@article{Hansen1994ThePrey,
    title = {{The size ratio between planktonic predators and their prey}},
    year = {1994},
    journal = {Limnology and Oceanography},
    author = {Hansen, B and Bjornsen, P K and Hansen, P J},
    number = {2},
    pages = {395--403},
    volume = {39}
}

@article{Rychert2004TheBasin,
    title = {{The size structure of the Mesodinium rubrum population in the Gda{\'{n}}sk Basin}},
    year = {2004},
    author = {Rychert, Krzysztof},
    number = {3},
    volume = {46}
}

@article{Jacobson1986ThecateMechanisms,
    title = {{Thecate heterotrophic dinoflagellates: feeding behavior and mechanisms}},
    year = {1986},
    journal = {Journal of Phycology},
    author = {Jacobson, Dean M. and Anderson, Donald M.},
    pages = {249--258},
    volume = {22}
}

@article{Manuscript2010UKPMCOntogenesis,
    title = {{UKPMC Funders Group Author Manuscript Morphologic and Genetic Variability in the Marine Planktonic with Notes on its Ontogenesis}},
    year = {2010},
    author = {Manuscript, Author},
    number = {3},
    pages = {267--281},
    volume = {51},
    keywords = {1908, conica, established the genus laboea, for l, intraspecific variability, l, live observation, lohmann, microscopy, phylogeny, protargol impregnation, scanning electron, ssrrna, strombidiidae, taxonomy, without fixing a type}
}

@article{Martinez-Garcia2012UnveilingSequencing.,
    title = {{Unveiling in situ interactions between marine protists and bacteria through single cell sequencing.}},
    year = {2012},
    journal = {The ISME journal},
    author = {Martinez-Garcia, Manuel and Brazel, David and Poulton, Nicole J and Swan, Brandon K and Gomez, Monica Lluesma and Masland, Dashiell and Sieracki, Michael E and Stepanauskas, Ramunas},
    number = {3},
    month = {3},
    pages = {703--7},
    volume = {6},
    publisher = {Nature Publishing Group},
    url = {http://www.ncbi.nlm.nih.gov/pubmed/21938022},
    doi = {10.1038/ismej.2011.126},
    issn = {1751-7370},
    pmid = {21938022},
    keywords = {Bacteria, Bacteria: classification, Bacteria: genetics, Bacteria: growth {\&} development, Cercozoa, Cercozoa: classification, Cercozoa: genetics, Cercozoa: growth {\&} development, Chrysophyta, Chrysophyta: classification, Chrysophyta: genetics, Chrysophyta: growth {\&} development, Ecosystem, Genes, rRNA, Heterotrophic Processes, Phylogeny, Pilot Projects, Seawater, Seawater: microbiology, Single-Cell Analysis, Water Microbiology}
}

@article{Martinez2014UseCommunities,
    title = {{Use of live, fluorescently-labeled algae for measuring microzooplankton grazing in natural communities}},
    year = {2014},
    journal = {Journal of Experimental Marine Biology and Ecology},
    author = {Martinez, Rodrigo a. and Isari, Stamatina and Calbet, Albert},
    pages = {59--70},
    volume = {457},
    publisher = {Elsevier B.V.},
    url = {http://dx.doi.org/10.1016/j.jembe.2014.03.007},
    doi = {10.1016/j.jembe.2014.03.007},
    issn = {00220981},
    keywords = {CellTracker, Dilution experiments, Fluorochrome, LFLA, LysoSensor, Vital stain}
}

@article{Costas2007UseWaters,
    title = {{Use of species-specific primers and PCR to measure the distributions of planktonic ciliates in coastal waters}},
    year = {2007},
    journal = {Limnology and Oceanography: Methods},
    author = {Costas, Barbara A and McManus, George and Doherty, Mary and Katz, Laura A},
    pages = {163--173},
    volume = {5},
    url = {http://www.science.smith.edu/departments/Biology/lkatz/documents/Costas{\_}methods{\_}2007 2.pdf}
}

@article{Li2001UseCryptophytes,
    title = {{Use of the 'food vacuole content' method to estimate grazing by the mixotrophic dinoflagellate Gyrodinium galatheanum on cryptophytes}},
    year = {2001},
    journal = {Journal of Plankton Research},
    author = {Li, a S and Stoecker, D K and Coats, D W},
    pages = {303--318},
    volume = {23},
    url = {{\textbackslash}{\textbackslash}Scancyp{\textbackslash}Literatur{\textbackslash}Lit10-pdf{\textbackslash}JPR 23 0303.pdf},
    doi = {10.1093/plankt/23.3.303},
    issn = {14643774}
}

@article{Santoferrara2012UtilitySpirotrichea,
    title = {{Utility of genetic markers and morphology for species discrimination within the order Tintinnida (Ciliophora, Spirotrichea)}},
    year = {2012},
    journal = {Protist},
    author = {Santoferrara, Luciana F and McManus, George B and Alder, Viviana A},
    pages = {13},
    volume = {in press},
    url = {http://microzooplankton.uconn.edu/images/Santoferrara{\_}et{\_}al{\_}2012a.pdf}
}

@article{Apple2011VariabilityIsolates.,
    title = {{Variability in protist grazing and growth on different marine Synechococcus isolates.}},
    year = {2011},
    journal = {Applied and environmental microbiology},
    author = {Apple, Jude K and Strom, Suzanne L and Palenik, Brian and Brahamsha, Bianca},
    number = {9},
    month = {5},
    pages = {3074--84},
    volume = {77},
    url = {http://www.pubmedcentral.nih.gov/articlerender.fcgi?artid=3126417{\&}tool=pmcentrez{\&}rendertype=abstract},
    doi = {10.1128/AEM.02241-10},
    issn = {1098-5336},
    pmid = {21398485},
    keywords = {Alveolata, Alveolata: growth {\&} development, Alveolata: metabolism, Alveolata: physiology, Cryptophyta, Cryptophyta: growth {\&} development, Cryptophyta: metabolism, Cryptophyta: physiology, Microbial Interactions, Microbial Viability, Synechococcus, Synechococcus: physiology}
}